<?xml version="1.0" encoding="UTF-8"?><collection xmlns="http://www.loc.gov/MARC21/slim"><record><leader>00501nam--2200133-i-4500</leader><controlfield tag="001">000035519</controlfield><controlfield tag="002">20161230</controlfield><controlfield tag="005">20161230201040</controlfield><controlfield tag="008">060222s1000------------r-----000-0-eng-d</controlfield><datafield ind1=" " ind2=" " tag="080"><subfield code="a">539.1.07(047):53.082.7(043):669.(043)</subfield></datafield><datafield ind1=" " ind2=" " tag="100"><subfield code="a">Nat, Nicolae</subfield></datafield><datafield ind1=" " ind2=" " tag="245"><subfield code="a">Caracterizarea metrologica a instalatiilor nucleare din industria siderurgica.teza de doctorat.coordonator stiintific: conf. dr.mircea alexandru  oncescu</subfield></datafield><datafield ind1=" " ind2=" " tag="260"><subfield code="a">Bucuresti, Institutul Central De Fizica, 1983. 156p. + Anexa</subfield></datafield><datafield ind1=" " ind2=" " tag="852"><subfield code="a">71569</subfield></datafield></record></collection>